@article{sutton1988learning,
  title={Learning to predict by the methods of temporal differences},
  author={Sutton, Richard S},
  journal={Machine learning},
  volume={3},
  number={1},
  pages={9--44},
  year={1988},
  publisher={Springer}
}

@book{sutton1998introduction,
  title={Introduction to reinforcement learning},
  author={Sutton, Richard S and Barto, Andrew G and others},
  volume={135},
  year={1998},
  publisher={MIT press Cambridge}
}

@misc{ wiki:xxx,
    author = "{Wikipedia contributors}",
    title = "Taxicab geometry --- {Wikipedia}{,} The Free Encyclopedia",
    year = "2019",
    url = "https://en.wikipedia.org/w/index.php?title=Taxicab_geometry&oldid=894771516",
    note = "[Online; accessed 7-June-2019]"
  }

@misc{mcclelland,
    author = "{McClelland, James L}",
    title = "Temporal-Difference Learning",
    year = "2015",
    url = "https://web.stanford.edu/group/pdplab/pdphandbook/handbookch10.html",
    note = "[Online; accessed 7-June-2019]"
  }

