
@book{sutton1998introduction,
  title={Introduction to reinforcement learning},
  author={Sutton, Richard S and Barto, Andrew G and others},
  volume={135},
  year={1998},
  publisher={MIT press Cambridge}
}

@article{sutton1988learning,
  title={Learning to predict by the methods of temporal differences},
  author={Sutton, Richard S},
  journal={Machine learning},
  volume={3},
  number={1},
  pages={9--44},
  year={1988},
  publisher={Springer}
}

@misc{wiki:xxx,
    author = "{Wikipedia contributors}",
    title = "Taxicab geometry --- {Wikipedia}{,} The Free Encyclopedia",
    year = "2019",
    url = "\url{https://en.wikipedia.org/w/index.php?title=Taxicab_geometry&oldid=894771516}",
    note = "Retrived from \url{https://en.wikipedia.org/w/index.php?title=Taxicab_geometry&oldid=894771516}"
  }

@misc{mcclelland,
    author = "{McClelland, James L}",
    title = "Temporal-Difference Learning",
    year = "2015",
      url = "\url{https://web.stanford.edu/group/pdplab/pdphandbook/handbookch10.html}",
    note = "Retrived from \url{https://web.stanford.edu/group/pdplab/pdphandbook/handbookch10.html}"
  }
  
@misc{wiki:xxxx,
    author = "{Wikipedia contributors}",
    title = "Absorbing Markov chain --- {Wikipedia}{,} The Free Encyclopedia",
    year = "2018",
    url = "\url{https://en.wikipedia.org/w/index.php?title=Absorbing_Markov_chain&oldid=862950102}",
    note = "Retrived from \url{https://en.wikipedia.org/w/index.php?title=Absorbing_Markov_chain&oldid=862950102}"
  }

@techreport{widrow1960adaptive,
  title={Adaptive switching circuits},
  author={Widrow, Bernard and Hoff, Marcian E},
  year={1960},
  institution={Stanford Univ Ca Stanford Electronics Labs}
}

@article{kemeny1976finite,
  title={Finite markov chains, undergraduate texts in mathematics},
  author={Kemeny, John G and Snell, James Laurie},
  year={1976}
}

@article{mnih2015human,
  title={Human-level control through deep reinforcement learning},
  author={Mnih, Volodymyr and Kavukcuoglu, Koray and Silver, David and Rusu, Andrei A and Veness, Joel and Bellemare, Marc G and Graves, Alex and Riedmiller, Martin and Fidjeland, Andreas K and Ostrovski, Georg and others},
  journal={Nature},
  volume={518},
  number={7540},
  pages={529},
  year={2015},
  publisher={Nature Publishing Group}
}

@inproceedings{hessel2018rainbow,
  title={Rainbow: Combining improvements in deep reinforcement learning},
  author={Hessel, Matteo and Modayil, Joseph and Van Hasselt, Hado and Schaul, Tom and Ostrovski, Georg and Dabney, Will and Horgan, Dan and Piot, Bilal and Azar, Mohammad and Silver, David},
  booktitle={Thirty-Second AAAI Conference on Artificial Intelligence},
  year={2018}
}

@misc{openailunar,
    author = "{OpenAI}",
    title = "LunarLander-v2",
    year = "(n.d.)",
      url = "\url{https://gym.openai.com/envs/LunarLander-v2/}",
    note = "Retrived from \url{https://gym.openai.com/envs/LunarLander-v2/}"
  }


@misc{atariwiki,
    author = "{Wikipedia contributors}",
    title = "Lunar Lander (1979 video game) --- {Wikipedia}{,} The Free Encyclopedia",
    year = "2019",
    url = "\url{https://en.wikipedia.org/w/index.php?title=Lunar_Lander_(1979_video_game)&oldid=891567216}",
    note = "Retrived from \url{https://en.wikipedia.org/w/index.php?title=Lunar_Lander_(1979_video_game)&oldid=891567216}"
  }

@inproceedings{van2016deep,
  title={Deep reinforcement learning with double q-learning},
  author={Van Hasselt, Hado and Guez, Arthur and Silver, David},
  booktitle={Thirtieth AAAI Conference on Artificial Intelligence},
  year={2016}
}

@inproceedings{greenwald2003correlated,
  title={Correlated Q-learning},
  author={Greenwald, Amy and Hall, Keith and Serrano, Roberto},
  booktitle={ICML},
  volume={3},
  pages={242--249},
  year={2003}
}



